@article{laffont2014transient,
  title={Transient attributes for high-level understanding and editing of outdoor scenes},
  author={Laffont, Pierre-Yves and Ren, Zhile and Tao, Xiaofeng and Qian, Chao and Hays, James},
  journal={ACM Transactions on Graphics (TOG)},
  volume={33},
  number={4},
  pages={149},
  year={2014},
  publisher={ACM}
}
@inproceedings{oba2014towards,
  title={Towards Better Land Cover Classification Using Geo-tagged Photographs},
  author={Oba, Hirotaka and Hirota, Masaharu and Chbeir, Richard and Ishikawa, Hiroshi and Yokoyama, Shohei},
  booktitle={Multimedia (ISM), 2014 IEEE International Symposium on},
  pages={320--327},
  year={2014},
  organization={IEEE}
}
@inproceedings{glasner2015hot,
  title={Hot or Not: Exploring Correlations Between Appearance and Temperature},
  author={Glasner, Daniel and Fua, Pascal and Zickler, Todd and Zelnik-Manor, Lihi},
  booktitle={Proceedings of the IEEE International Conference on Computer Vision},
  pages={3997--4005},
  year={2015}
}
@inproceedings{wang2013observing,
  title={Observing the natural world with Flickr},
  author={Wang, Jingya and Korayem, Mohammed and Crandall, David},
  booktitle={Proceedings of the IEEE International Conference on Computer Vision Workshops},
  pages={452--459},
  year={2013}
}
@inproceedings{krizhevsky2012imagenet,
  title={Imagenet classification with deep convolutional neural networks},
  author={Krizhevsky, Alex and Sutskever, Ilya and Hinton, Geoffrey E},
  booktitle={Advances in neural information processing systems},
  pages={1097--1105},
  year={2012}
}
@inproceedings{jacobs2007consistent,
  title={Consistent temporal variations in many outdoor scenes},
  author={Jacobs, Nathan and Roman, Nathaniel and Pless, Robert},
  booktitle={Computer Vision and Pattern Recognition, 2007. CVPR'07. IEEE Conference on},
  pages={1--6},
  year={2007},
  organization={IEEE}
}
@inproceedings{chatfield2011devil,
  title={The devil is in the details: an evaluation of recent feature encoding methods.},
  author={Chatfield, Ken and Lempitsky, Victor S and Vedaldi, Andrea and Zisserman, Andrew},
  booktitle={BMVC},
  volume={2},
  number={4},
  pages={8},
  year={2011}
}
@inproceedings{zhou2014learning,
  title={Learning deep features for scene recognition using places database},
  author={Zhou, Bolei and Lapedriza, Agata and Xiao, Jianxiong and Torralba, Antonio and Oliva, Aude},
  booktitle={Advances in neural information processing systems},
  pages={487--495},
  year={2014}
}
@article{russakovsky2014imagenet,
  title={Imagenet large scale visual recognition challenge},
  author={Russakovsky, Olga and Deng, Jia and Su, Hao and Krause, Jonathan and Satheesh, Sanjeev and Ma, Sean and Huang, Zhiheng and Karpathy, Andrej and Khosla, Aditya and Bernstein, Michael and others},
  journal={arXiv preprint arXiv:1409.0575},
  year={2014}
}
@inproceedings{grangier2009deep,
	title={Deep convolutional networks for scene parsing},
	author={Grangier, David and Bottou, L{\'e}on and Collobert, Ronan},
	booktitle={ICML 2009 Deep Learning Workshop},
	volume={3},
	year={2009},
	organization={Citeseer}
}
@article{laffont2014transient,
  title={Transient attributes for high-level understanding and editing of outdoor scenes},
  author={Laffont, Pierre-Yves and Ren, Zhile and Tao, Xiaofeng and Qian, Chao and Hays, James},
  journal={ACM Transactions on Graphics (TOG)},
  volume={33},
  number={4},
  pages={149},
  year={2014},
  publisher={ACM}
}
@article{hall2009weka,
  title={The WEKA data mining software: an update},
  author={Hall, M. and Frank, E. and Holmes, G. and Pfahringer, B. and Reutemann, P. and Witten, I.H.},
  journal={ACM SIGKDD Explorations Newsletter},
  volume={11},
  number={1},
  pages={10--18},
  year={2009}
}
@article{CC01a,
 author = {Chang, Chih-Chung and Lin, Chih-Jen},
 title = {{LIBSVM}: A library for support vector machines},
 journal = {ACM Trans. on Intelligent Systems and Technology},
 volume = {2},
 issue = {3},
 year = {2011},
 pages = {1-27}
}

@inproceedings{su2008discriminative,
  title={Discriminative parameter learning for Bayesian networks},
  author={Su, J. and Zhang, H. and Ling, C.X. and Matwin, S.},
  booktitle={ICML},
  year={2008}
}

@misc{Kremerskothen11,
author = {K. Kremerskothen},
year = 2011,
title = {6,000,000,000.},
howpublished = {http://blog.flickr.net/en/2011/08/04/6000000000/}
}

@misc{ghcn,
author = {GHCN-Daily},
howpublished = {http://www.ncdc.noaa.gov/oa/climate/ghcn-daily/}
}


@Article{peopleplaces10leonardo,
  author = 	 {D. Crandall and N. Snavely},
  title = 	 {Networks of Landmarks, Photos, and People},
  journal =    {Leonardo},
  year = 	 {2011},
  volume = 44,
  number = 3,
  pages = {240-243}
}

@article{moritz08changes,
author = {C. Moritz and  J. L. Patton and C. J. Conroy and J. L. Parra and G. C. White and S. R. Beissinger},
year = 2008,
title = {Impact of a century of climate change on small-mammal communities in Yosemite National Park, USA},
journal = {Science},
volume = 322,
pages = {261-264}
}

@book{ipcc2007climate,
author = {Parry, Martin L. and Canziani, Osvaldo F. and Palutikof, Jean P. and van der Linden, Paul J. and Hanson, Clair E},
title = {IPCC, 2007: Climate Change 2007: Impacts, Adaptation, and Vulnerability},
publisher = {Cambridge University Press},
year = 2007}

@article{bollen11twitter,
author = {Johan Bollen and Huina Mao and Xiao-Jun Zeng},
title = {Twitter mood predicts the stock market},
journal = {Journal of Computational Science},
volume = 2,
number = 1,
year = 2011,
pages = {1-8}
}

@string{KDD = "KDD"} 

@InProceedings{feedback08kdd,
  author = 	 {D. Crandall and D. Cosley and D. Huttenlocher and J. Kleinberg and S. Suri},
  title = 	 {Feedback Effects between Similarity and Social Influence in Online Communities},
  booktitle =    KDD,
  year = 	 {2008},
}

@article{lazer09, 
author = {D. {Lazer et al}}, 
title = {Life in the network: the coming age of computational social science},
journal = {Science},
volume = 323,
number = 5915,
pages = {721-723},
year = 2009,
}

@inproceedings{jin10prediction,
author = {X. Jin and A. Gallagher and L. Cao and J. Luo and J. Han},
title = {The Wisdom of Social Multimedia: Using {F}lickr For Prediction and Forecast},
booktitle = {ACM Multimedia},
year = 2010
}

@inproceedings{delongueville09,
 author = {De Longueville, Bertrand and Smith, Robin S. and Luraschi, Gianluca},
 title = {"{OMG}, from here, I can see the flames!"},
 booktitle = {Proc. Intl. Workshop on Location Based Social Networks},
 year = {2009},
 pages = {73--80}
} 

@inproceedings{singh10socialpixels,
 author = {Singh, Vivek K. and Gao, Mingyan and Jain, Ramesh},
 title = {Social pixels: genesis and evaluation},
 booktitle = {ACM Multimedia},
 year = {2010}
} 


@article{brockmann06,
author = {D. Brockmann and L. Hufnagel and T. Geisel},
title = {The scaling laws of human travel},
journal = {Nature},
volume = 439,
pages = {462-465},
year= 2006
}

@article{ginsberg09flu, 
author = {J. Ginsberg and M. Mohebbi and R.S. Patel and L. Brammer and M. Smolinski and L. Brilliant},
title = {Detecting influenza epidemics using search engine query data},
journal = {Nature},
volume = 457,
pages = {1012-1014},
year = 2009
}

@inproceedings{anagnostpopoulos08,
  author = {Aris Anagnostopoulos and Ravi Kumar and Mohammad Mahdian},
  title = {Influence and correlation in social networks},
  booktitle = {KDD},
  year = 2008
}

@misc{lostladybug,
title = {Lost Ladybug Project},
howpublished = {http://www.lostladybug.org}
}

@misc{greatsunflower,
title = {The Great Sunflower Project},
year = 2008,
author = {Great Sunflower Project},
howpublished = {http://www.greatsunflower.org}
}

@article{libennowell08,
title = {Tracing information flow on a global scale using Internet chain-letter data},
author = {D. Liben-Nowell and J. Kleinberg},
journal = {PNAS},
volume = 105,
number = 12,
pages = {4633-4638},
year = 2008
}

@inproceedings{oconnor10mood,
author = {B. O'Connor and R. Balasubramanyan and B. Routedge and N. Smith},
title = {From tweets to polls: Linking text sentiment to public opinion time series},
booktitle = {ICWSM},
year = 2010
}

@misc{modissnow,
author = {Hall, D. K. and G. A. Riggs and V. V. Salomonson},
year = {2011, updated daily},
title = {{MODIS/Terra Snow Cover Daily L3 Global 0.05Deg CMG V004}},
howpublished = {Boulder, CO, USA: National Snow and Ice Data Center}
}

@misc{modisveg,
author = {{Land Processes Distributed Active Archive Center}},
title = {{MODIS/Terra Vegetation Indices 16-Day L3 Global 0.05Deg CMG V005}},
year = {2011},
howpublished = {Sioux Falls, SD: U.S. Geological Survey.}
}
@misc{Fan2008,
    author = {Rong-En Fan and Kai-Wei Chang and Cho-Jui Hsieh and Xiang-Rui Wang and Chih-Jen Lin},
    title = {LIBLINEAR - A Library for Large Linear Classification},
    year = {2008},
    URL = {http://www.csie.ntu.edu.tw/\~cjlin/liblinear/}
 }
@inproceedings{john1995estimating,
  title={Estimating continuous distributions in Bayesian classifiers},
  author={John, G.H. and Langley, P.},
  booktitle={Proc. Uncertainty in AI},
  year={1995}
}

@techreport{squires5,
  title={Development of an Operational Northeast Snowfall Impact Scale},
  author={Squires, M.F. and Lawrimore, J.H.},
year=2006,
institution={NOAA National Climatic Data Center}
}
@misc{noaa1,
title = {Global Historical Climatology Network - Daily},
howpublished = {http://www.ncdc.noaa.gov/oa/climate/ghcn-daily/}
}


@article{gist,
title={Contextual priming for object detection},
author={A. Torralba},
journal={International Journal of Computer Vision},
year=2003
}

@inproceedings{hays, 
  Author    = {James Hays and Alexei A. Efros},
  Title     = {{IM2GPS}: Estimating Geographic Information from a Single Image},
  Booktitle = {CVPR},
  Year      = {2008},
}

@book{lab,
author = {R.W.G. Hunt},
title = {Measuring Color}, 
publisher = {London: Fountain Press},
year  = 1998
}

@book{szeliski,
author = {R. Szeliski},
title = {Computer Vision: Algorithms and Applications}, 
publisher = {Springer},
year  = 2010
}

@misc{noaa2,

title = {Climatological Data Publications},
howpublished = {http://www7.ncdc.noaa.gov/IPS/cd/cd.html}
}


@article{auc,
author = {Vergara, I. and Norambuena, T. and Ferrada, E. and Slater, A. and Melo, F.},
title = {{StAR}: a simple tool for the statistical comparison of {ROC} curves},
journal = {BMC Bioinformatics},
volume = 9,
number = 1,
year = 2008,
pages = {265}
}

@inproceedings{singh2010geo,
	title={Geo-clustering of images with missing geotags},
	author={Singh, Vishwakarma and Venkatesha, Sharath and Singh, Ambuj K},
	booktitle={Granular Computing (GrC), 2010 IEEE International Conference on},
	pages={420--425},
	year={2010},
	organization={IEEE}
}
@inproceedings{crandall2009mapping,
	title={Mapping the world's photos},
	author={Crandall, David J and Backstrom, Lars and Huttenlocher, Daniel and Kleinberg, Jon},
	booktitle={Proceedings of the 18th international conference on World wide web},
	pages={761--770},
	year={2009},
	organization={ACM}
}
@incollection{hauff2012geo,
	title={Geo-Location estimation of flickr images: social web based enrichment},
	author={Hauff, Claudia and Houben, Geert-Jan},
	booktitle={Advances in Information Retrieval},
	pages={85--96},
	year={2012},
	publisher={Springer}
}

@inproceedings{thomee_time2014,
	author = {Bart Thomee and Jose G. Moreno and David Ayman Shamma},
	title = {Who's Time Is It Anyway?: Investigating the Accuracy of Camera Timestamps},
	booktitle = {Proceedings of the 22nd ACM International Conference on Multimedia},
	year = {2014},
	doi = {10.1145/2647868.2655066},
	keywords = {Georeferenced photos; GPS information; time accuracy}
}
@inproceedings{king09snowtweets,
	author = {King, J.M. and Cabrera, A.R. and Kelly, R.E.},
	year = 2009,
	title = {{The Snowtweets Project}: Communicating snow depth measurements from specialists and non-specialists via mobile communication technologies and social networks},
	booktitle={AGU Fall Meeting}
}

@inproceedings{ebirds,
	author = {Fink, D. and Damoulas, T. and Dave, J.},
	year = 2013,
	title = {Adaptive Spatio-Temporal Exploratory Models: Hemisphere-wide species distributions from massively crowdsourced e{B}ird data},
	booktitle = {AAAI},
}
@article{digrazia13,
	author = {J. DiGrazia and K. McKelvey and Johan Bollen and Fabio Rojas},
	title = {More Tweets, More Votes: Social Media as a Quantitative Indicator of Political Behavior},
	year = 2013,
	journal = {PLOS One}
}
@inproceedings{thomee2014s,
  title={Who's Time Is It Anyway?: Investigating the Accuracy of Camera Timestamps},
  author={Thomee, Bart and Moreno, Jose G and Shamma, David A},
  booktitle={Proceedings of the ACM International Conference on Multimedia},
  pages={909--912},
  year={2014},
  organization={ACM}
}

@inproceedings{Sakaki:2010uv,
	author = {Sakaki, Takeshi and Okazaki, Makoto and Matsuo, Yutaka},
	title = {{Earthquake shakes Twitter users: real-time event detection by social sensors}},
	booktitle = {WWW},
	year = {2010}
}

@inproceedings{ecology2012www,
	author = {Zhang, Haipeng and Korayem, Mohammed and Crandall, David and LeBuhn, Gretchen},
	title = {{Mining Photo-sharing Websites to Study Ecological Phenomena}},
	booktitle = {WWW},
	year = {2012}
}

@article{meteo,
	title = {Social Media as a Source of Meteorological Observations},
	author = {O. Hyvarinen and E. Saltikoff},
	year = 2010,
	journal = {Monthly Weather Review},
	pages = {3175-3184},
	volume = 138,
	number = 8
}
@inproceedings{XiaoHEOT10,
	title = {{SUN} database: Large-scale scene recognition from abbey to zoo},
	author = {Jianxiong Xiao and James Hays and Krista A. Ehinger and Aude Oliva and Antonio Torralba},
	year = {2010},
	booktitle = {CVPR}
}


@inproceedings{li2007event, 
	Author    = {L.-J. Li and L. Fei-Fei},
	Title     = {What, where and who? Classifying events by scene and object recognition},
	Booktitle = {ICCV},
	Year      = {2007}
}
@inproceedings{li2009totalscene, 
	Author    = {L.-J. Li and R. Socher and L. Fei-Fei},
	Title     = {Towards total scene understanding:
	classification, annotation and segmentation in an
	automatic framework.},
	Booktitle = {CVPR},
	Year      = {2009}
}

@inproceedings{luo2003spatialcontext, 
	Author    = {J. Luo and A. Singhal and W. Zhu},
	Title     = {Natural object detection in
	outdoor scenes based on probabilistic spatial context models},
	Booktitle = {ICME},
	Year      = {2003}
}
@inproceedings{boutell2006semanticfeature, 
	Author    = {M. Boutell and A. Choudhury and J. Luo and C. M. Brown},
	Title     = {Using semantic features for scene classification: How good do they need to be?},
	Booktitle = {ICME},
	Year      = {2006}
}
@incollection{Aggarwal:2013vh,
	author = {Aggarwal, Charu and Abdelzaher, Tarek},
	title = {{Social Sensing}},
	booktitle = {Managing and Mining Sensor Data},
	year = {2013},
	publisher = {Springer}
}

@article{Golder:2011cy,
	author = {Golder, Scott A and Macy, Michael},
	title = {{Diurnal and Seasonal Mood Vary with Work, Sleep, and Daylength Across Diverse Cultures}},
	journal = {Science},
	year = {2011},
	volume = {333},
	number = {6051},
	pages = {1878--1881},
	month = sep
}

@inproceedings{Sadilek:2012wp,
	author = {Sadilek, Adam and Kautz, Henry and Silenzio, Vincent},
	title = {{Predicting Disease Transmission from Geo-Tagged Micro-Blog Data}},
	booktitle = {AAAI},
	year = {2012}
}
@inproceedings{Leung:2010wa,
	author = {Leung, Daniel and Newsam, Shawn},
	title = {{Proximate Sensing: Inferring What-Is-Where From Georeferenced Photo Collections}},
	booktitle = {CVPR},
	year = {2010}
}
@inproceedings{murdock,
	author = {Calvin Murdock and Nathan Jacobs and Robert Pless},
	title = {{Webcam2Satellite}: Estimating Cloud Maps from Webcam Imagery},
	year = 2013,
	booktitle = {WACV}
}
@inproceedings{singhal2003spatialcontext, 
	Author    = {A. Singhal and J. Luo and W. Zhu},
	Title     = {Probabilistic spatial
	context models for scene content understanding},
	Booktitle = {CVPR},
	Year      = {2003}
}
@PhDThesis{boutell2005exploiting,
	Author    = {M. Boutell},
	Title     = {Exploiting context for semantic scene classification},
	school = {University of Rochester Department of Computer Science},
	Year      = {2005}
}
@ARTICLE{rain2009IJCV,
	author = {P. Barnum and S. Narasimhan and T. Kanade},
	title = {Analysis of Rain and Snow in Frequency Space},
	journal = {IJCV},
	year = {2009},
	volume = {86},
	number = {2-3}
}
@article{torralba2008tiny,
	title={80 Million Tiny Images: A Large Data Set for Nonparametric Object and Scene Recognition},
	author={Torralba, Antonio and Fergus, Rob and Freeman, William T},
	year={2008},
	journal = {PAMI},
	volume = 30,
	number = 11,
	pages = {1958--1970}
}
@INPROCEEDINGS{korayem2012solving,
	author = {Korayem, M. and Mohamed, A.A. and Crandall, D. and Yampolskiy, R.V.},
	title = {Solving Avatar Captchas Automatically},
	booktitle = {AMLTA},
	year = {2012}
}
@ARTICLE{oliva2001modeling,
	author = {Oliva, A. and Torralba, A.},
	title = {Modeling the shape of the scene: A holistic representation of the
	spatial envelope},
	journal = {IJCV},
	year = {2001},
	volume = {42},
	pages = {145--175},
	number = {3}
}
@INPROCEEDINGS{douze2009evaluation,
	author = {Douze, M. and Jegou, H. and Sandhawalia, H. and Amsaleg, L. and Schmid,
	C.},
	title = {Evaluation of gist descriptors for web-scale image search},
	booktitle = {ICIVR},
	year = {2009}
}

@incollection{kumar2012leafsnap,
	title={Leafsnap: A computer vision system for automatic plant species identification},
	author={Kumar, Neeraj and Belhumeur, Peter N and Biswas, Arijit and Jacobs, David W and Kress, W John and Lopez, Ida C and Soares, Jo{\~a}o VB},
	booktitle={Computer Vision--ECCV 2012},
	pages={502--516},
	year={2012},
	publisher={Springer}
}
@article{siagian2008comparison,
	title={Comparison of gist models in rapid scene categorization tasks},
	author={Siagian, Christian and Itti, Laurent},
	journal={Journal of Vision},
	volume={8},
	number={6},
	pages={734--734},
	year={2008},
	publisher={Association for Research in Vision and Ophthalmology}
}
@article{foschi1997detecting,
	title={Detecting subpixel woody vegetation in digital imagery using two artificial intelligence approaches},
	author={Foschi, Patricia G and Smith, Deborah K},
	journal={Photogrammetric Engineering and Remote Sensing},
	volume={63},
	number={5},
	pages={493--499},
	year={1997},
	publisher={[Falls Church, Va.] American Society of Photogrammetry.}
}

@inproceedings{balamurugan2007greenery,
	title={Greenery Image and Non-greenery Image Classification Using Adaptive Neuro-Fuzzy Inference System},
	author={Balamurugan, P and Rajesh, R},
	booktitle={Conference on Computational Intelligence and Multimedia Applications, 2007. International Conference on},
	volume={3},
	pages={431--435},
	year={2007},
	organization={IEEE}
}

@misc{ILSVRCarxiv14,
	Author = {Olga Russakovsky and Jia Deng and Hao Su and Jonathan Krause and Sanjeev Satheesh and Sean Ma and Zhiheng Huang and Andrej Karpathy and Aditya Khosla and Michael Bernstein and Alexander C. Berg and Li Fei-Fei},
	Title = {{ImageNet Large Scale Visual Recognition Challenge}},
	Year = {2014},
	Eprint = {arXiv:1409.0575},
}

@inproceedings{Oquab14,
	author = "Oquab, M. and Bottou, L. and Laptev, I. and Sivic, J.",
	title = "Learning and Transferring Mid-Level Image Representations using Convolutional Neural Networks",
	booktitle =  "CVPR",
	year = "2014",
}

@misc{facebookstatistics,
	
	title = {top-15-valuable-facebook-statistics},
	howpublished = {http://www7.ncdc.noaa.gov/IPS/cd/cd.html}
}
@article{you2015multifacetedelections,
	title={A Multifaceted Approach to Social Multimedia-based Prediction of Elections},
	author={You, Quanzeng and Cao, Liangliang and Cong, Yang and Zhang, Xianchao and Luo, Jiebo},
	journal={Multimedia, IEEE Transactions on},
	volume={17},
	number={12},
	pages={2271--2280},
	year={2015},
	publisher={IEEE}
}
@article{wood2013usingtourism,
	title={Using social media to quantify nature-based tourism and recreation},
	author={Wood, Spencer A and Guerry, Anne D and Silver, Jessica M and Lacayo, Martin},
	journal={Scientific reports},
	volume={3},
	year={2013},
	publisher={Nature Publishing Group}
}
@inproceedings{omori2014can,
	title={Can geo-tags on flickr draw coastlines?},
	author={Omori, Masaki and Hirota, Masaharu and Ishikawa, Hiroshi and Yokoyama, Shohei},
	booktitle={Proceedings of the 22nd ACM SIGSPATIAL International Conference on Advances in Geographic Information Systems},
	pages={425--428},
	year={2014},
	organization={ACM}
}
@phdthesis{vsecerov2015analysis,
	title={Analysis of panoramio photo tags in order to extract land use information},
	author={{\v{S}}e{\'c}erov, Milan},
	year={2015}
}
@inproceedings{murdock2015building,
	title={Building Dynamic Cloud Maps from the Ground Up},
	author={Murdock, Calvin and Jacobs, Nathan and Pless, Robert},
	booktitle={Proceedings of the IEEE International Conference on Computer Vision},
	pages={684--692},
	year={2015}
}
@article{fedorov2015snowwatch,
	title={SnowWatch: Snow Monitoring through Acquisition and Analysis of User-Generated Content},
	author={Fedorov, Roman and Fraternali, Piero and Pasini, Chiara and Tagliasacchi, Marco},
	journal={arXiv preprint arXiv:1507.08958},
	year={2015}
}
@inproceedings{fedorov2014snow,
	title={Snow phenomena modeling through online public media},
	author={Fedorov, Roman and Fraternali, Piero and Tagliasacchi, Marco},
	booktitle={Image Processing (ICIP), 2014 IEEE International Conference on},
	pages={2174--2176},
	year={2014},
	organization={IEEE}
}
@inproceedings{khosla2014looking,
	title={Looking beyond the visible scene},
	author={Khosla, Aditya and An, Byoungkwon and Lim, Jasmine J and Torralba, Antonio},
	booktitle={Computer Vision and Pattern Recognition (CVPR), 2014 IEEE Conference on},
	pages={3710--3717},
	year={2014},
	organization={IEEE}
}
@inproceedings{porzi2015predicting,
	title={Predicting and Understanding Urban Perception with Convolutional Neural Networks},
	author={Porzi, Lorenzo and Rota Bul{\`o}, Samuel and Lepri, Bruno and Ricci, Elisa},
	booktitle={Proceedings of the 23rd Annual ACM Conference on Multimedia Conference},
	pages={139--148},
	year={2015},
	organization={ACM}
}

@article{li2015celebritynet,
	title={CelebrityNet: A Social Network Constructed from Large-Scale Online Celebrity Images},
	author={Li, Li-Jia and Shamma, David A and Kong, Xiangnan and Jafarpour, Sina and Van Zwol, Roelof and Wang, Xuanhui},
	journal={ACM Transactions on Multimedia Computing, Communications, and Applications (TOMM)},
	volume={12},
	number={1},
	pages={3},
	year={2015},
	publisher={ACM}
}
@incollection{zhou2014recognizing,
	title={Recognizing city identity via attribute analysis of geo-tagged images},
	author={Zhou, Bolei and Liu, Liu and Oliva, Aude and Torralba, Antonio},
	booktitle={Computer Vision--ECCV 2014},
	pages={519--534},
	year={2014},
	publisher={Springer}
}